<record><leader>00000cas a22000007a 4500</leader><controlfield tag="001">17329996</controlfield><controlfield tag="008">880111d19451953njucn ne      0    0eng d</controlfield><datafield ind1=" " ind2=" " tag="010"><subfield code="a">sn 88071011 </subfield></datafield><datafield ind1=" " ind2=" " tag="040"><subfield code="a">NPA</subfield><subfield code="b">eng</subfield><subfield code="c">NPA</subfield><subfield code="d">OCLCQ</subfield><subfield code="d">OCLCO</subfield></datafield><datafield ind1="1" ind2=" " tag="029"><subfield code="a">AU@</subfield><subfield code="b">000025828081</subfield></datafield><datafield ind1=" " ind2=" " tag="042"><subfield code="a">msc</subfield></datafield><datafield ind1="0" ind2=" " tag="130"><subfield code="a">Targum (New Brunswick, N.J. : 1945)</subfield></datafield><datafield ind1="1" ind2="4" tag="245"><subfield code="a">The targum.</subfield></datafield><datafield ind1=" " ind2=" " tag="260"><subfield code="a">New Brunswick, N.J. :</subfield><subfield code="b">Targum Association,</subfield><subfield code="c">1945-1953.</subfield></datafield><datafield ind1=" " ind2=" " tag="310"><subfield code="a">Semiweekly (during the school year),</subfield><subfield code="b">1953</subfield></datafield><datafield ind1=" " ind2=" " tag="321"><subfield code="a">Weekly (during the school year),</subfield><subfield code="b">1945-1946</subfield></datafield><datafield ind1=" " ind2=" " tag="321"><subfield code="a">Semiweekly (during the school year),</subfield><subfield code="b">1946-1952</subfield></datafield><datafield ind1=" " ind2=" " tag="321"><subfield code="a">Weekly (during the school year),</subfield><subfield code="b">1952</subfield></datafield><datafield ind1="0" ind2=" " tag="362"><subfield code="a">Vol. 87, no. 1 (Oct. 17, 1945)-v. 94, no. 35 (Apr. 10, 1953).</subfield></datafield><datafield ind1=" " ind2=" " tag="500"><subfield code="a">"Official Rutgers University undergraduate publication since 1866 [i.e. 1869]."</subfield></datafield><datafield ind1="2" ind2=" " tag="710"><subfield code="a">Rutgers University.</subfield></datafield><datafield ind1="2" ind2=" " tag="710"><subfield code="a">Rutgers College.</subfield></datafield><datafield ind1="2" ind2=" " tag="710"><subfield code="a">Targum Association of Rutgers College.</subfield></datafield><datafield ind1=" " ind2=" " tag="752"><subfield code="a">United States</subfield><subfield code="b">New Jersey</subfield><subfield code="c">Middlesex</subfield><subfield code="d">New Brunswick.</subfield></datafield><datafield ind1="0" ind2="0" tag="780"><subfield code="t">Rutgers cannon</subfield><subfield code="w">(DLC)sn 88071010</subfield></datafield><datafield ind1="0" ind2="0" tag="785"><subfield code="t">Rutgers targum (New Brunswick, N.J. : 1953)</subfield><subfield code="w">(DLC)sn 88071012</subfield></datafield></record>